
@article{reinking2022,
	title = {Collaborative wildlife{\textendash}snow science: Integrating wildlife and snow expertise to improve research and management},
	author = {Reinking, Adele K. and {Højlund Pedersen}, Stine and Elder, Kelly and Boelman, Natalie T. and Glass, Thomas W. and Oates, Brendan A. and Bergen, Scott and Roberts, Shane and Prugh, Laura R. and Brinkman, Todd J. and Coughenour, Michael B. and Feltner, Jennifer A. and Barker, Kristin J. and Bentzen, Torsten W. and Pedersen, {Åshild Ø.} and Schmidt, Niels M. and Liston, Glen E.},
	year = {2022},
	date = {2022},
	journal = {Ecosphere},
	pages = {e4094},
	volume = {13},
	number = {6},
	doi = {10.1002/ecs2.4094},
	url = {https://onlinelibrary.wiley.com/doi/abs/10.1002/ecs2.4094},
	note = {{\_}eprint: https://onlinelibrary.wiley.com/doi/pdf/10.1002/ecs2.4094},
	langid = {en}
}

@article{honkaniemi2021,
	title = {From mycelia to mastodons {\textendash} A general approach for simulating biotic disturbances in forest ecosystems},
	author = {Honkaniemi, Juha and Rammer, Werner and Seidl, Rupert},
	year = {2021},
	month = {04},
	date = {2021-04-01},
	journal = {Environmental Modelling & Software},
	pages = {104977},
	volume = {138},
	doi = {10.1016/j.envsoft.2021.104977},
	url = {https://www.sciencedirect.com/science/article/pii/S1364815221000207},
	langid = {en}
}

@article{pastor1988,
	title = {Moose, Microbes, and the Boreal Forest},
	author = {Pastor, John and Naiman, Robert J. and Dewey, Bradley and McInnes, Pamela},
	year = {1988},
	month = {12},
	date = {1988-12},
	journal = {BioScience},
	pages = {770--777},
	volume = {38},
	number = {11},
	doi = {10.2307/1310786},
	url = {https://academic.oup.com/bioscience/article-lookup/doi/10.2307/1310786},
	langid = {en}
}
