
@article{hayes2021,
	title = {Effects of short{-}interval disturbances continue to accumulate, overwhelming variability in local resilience},
	author = {Hayes, Katherine and Buma, Brian},
	year = {2021},
	month = {03},
	date = {2021-03},
	journal = {Ecosphere},
	volume = {12},
	number = {3},
	doi = {10.1002/ecs2.3379},
	url = {https://onlinelibrary.wiley.com/doi/10.1002/ecs2.3379},
	langid = {en}
}

@article{buma2022,
	title = {Short-interval fires increasing in the Alaskan boreal forest as fire self-regulation decays across forest types},
	author = {Buma, B. and Hayes, K. and Weiss, S. and Lucash, M.},
	year = {2022},
	month = {12},
	date = {2022-12},
	journal = {Scientific Reports},
	pages = {4901},
	volume = {12},
	number = {1},
	doi = {10.1038/s41598-022-08912-8},
	url = {https://www.nature.com/articles/s41598-022-08912-8},
	langid = {en}
}

@article{hayes2022,
	title = {Supporting graduate field leadership through community{-}sourced advice, action, and policy},
	author = {Hayes, Katherine and Carter, Trevor and Cook, Phoebe and Twaddell, Erin and Buma, Brian},
	year = {2022},
	month = {09},
	date = {2022-09},
	journal = {Ecosphere},
	volume = {13},
	number = {9},
	doi = {10.1002/ecs2.4247},
	url = {http://dx.doi.org/10.1002/ecs2.4247},
	langid = {en}
}

@article{reichenborn2024,
	title = {Advice From the Field: Practical Skills, Challenges, and How to Support Early Career Ecologists},
	author = {Reichenborn, Molly M. and Rottler, Caitlin and {Arag√≥n}, Lina and Bishop, Tara B. B. and Hayes, Katherine and Kottler, Ezra and Talal, Michelle L. and Sommers, Pacifica},
	year = {2024},
	month = {02},
	date = {2024-02-28},
	journal = {The Bulletin of the Ecological Society of America},
	volume = {105},
	number = {2},
	doi = {10.1002/bes2.2127},
	url = {http://dx.doi.org/10.1002/bes2.2127},
	langid = {en}
}
