@article{example2,
  title = {Harnessing the NEON Data Revolution to Advance Open Environmental Science with a Diverse, Inclusive and Data-Capable Community},
  author={Nagy et al. },
  journal = {Ecosphere},
  year    = 2021,
  volume  = 1,
  number  = 1
}
