
@article{terra,
	title = {terra: Spatial Data Analysis},
	author = {Hijmans, Robert J.},
	year = {2023},
	date = {2023},
	url = {https://CRAN.R-project.org/package=terra}
}

@article{buma2022,
	title = {Short-interval fires increasing in the Alaskan boreal forest as fire self-regulation decays across forest types},
	author = {Buma, B. and Hayes, K. and Weiss, S. and Lucash, M.},
	year = {2022},
	month = {12},
	date = {2022-12},
	journal = {Scientific Reports},
	pages = {4901},
	volume = {12},
	number = {1},
	doi = {10.1038/s41598-022-08912-8},
	url = {https://www.nature.com/articles/s41598-022-08912-8},
	langid = {en}
}
