
@article{seaton2011,
	title = {Browse biomass removal and nutritional condition of moose Alces alces},
	author = {Seaton, C. Tom and Paragi, Thomas F. and Boertje, Rodney D. and Kielland, Knut and DuBois, Stephen and Fleener, Craig L.},
	year = {2011},
	month = {03},
	date = {2011-03},
	journal = {Wildlife Biology},
	pages = {55--66},
	volume = {17},
	number = {1},
	doi = {10.2981/10-010},
	url = {https://onlinelibrary.wiley.com/doi/10.2981/10-010},
	langid = {en}
}

@article{suominen1999,
	title = {Indirect effects of mammalian browsers on vegetation and ground-dwelling insects in an Alaskan floodplain},
	author = {Suominen, O. and Danell, K. and Bryant, J. P.},
	year = {1999},
	date = {1999},
	journal = {Ecoscience},
	pages = {505--510},
	volume = {6},
	number = {4},
	doi = {10.1080/11956860.1999.11682554},
	url = {https://www.webofscience.com/wos/woscc/full-record/WOS:000086177100004},
	note = {Place: St Foy
Publisher: Universite Laval
WOS:000086177100004},
	langid = {English}
}
