
@article{reinking2022,
	title = {Collaborative wildlife{\textendash}snow science: Integrating wildlife and snow expertise to improve research and management},
	author = {Reinking, Adele K. and {Højlund Pedersen}, Stine and Elder, Kelly and Boelman, Natalie T. and Glass, Thomas W. and Oates, Brendan A. and Bergen, Scott and Roberts, Shane and Prugh, Laura R. and Brinkman, Todd J. and Coughenour, Michael B. and Feltner, Jennifer A. and Barker, Kristin J. and Bentzen, Torsten W. and Pedersen, {Åshild Ø.} and Schmidt, Niels M. and Liston, Glen E.},
	year = {2022},
	date = {2022},
	journal = {Ecosphere},
	pages = {e4094},
	volume = {13},
	number = {6},
	doi = {10.1002/ecs2.4094},
	url = {https://onlinelibrary.wiley.com/doi/abs/10.1002/ecs2.4094},
	note = {{\_}eprint: https://onlinelibrary.wiley.com/doi/pdf/10.1002/ecs2.4094},
	langid = {en}
}

@article{honkaniemi2021,
	title = {From mycelia to mastodons {\textendash} A general approach for simulating biotic disturbances in forest ecosystems},
	author = {Honkaniemi, Juha and Rammer, Werner and Seidl, Rupert},
	year = {2021},
	month = {04},
	date = {2021-04-01},
	journal = {Environmental Modelling & Software},
	pages = {104977},
	volume = {138},
	doi = {10.1016/j.envsoft.2021.104977},
	url = {https://www.sciencedirect.com/science/article/pii/S1364815221000207},
	langid = {en}
}

@article{pastor1988,
	title = {Moose, Microbes, and the Boreal Forest},
	author = {Pastor, John and Naiman, Robert J. and Dewey, Bradley and McInnes, Pamela},
	year = {1988},
	month = {12},
	date = {1988-12},
	journal = {BioScience},
	pages = {770--777},
	volume = {38},
	number = {11},
	doi = {10.2307/1310786},
	url = {https://academic.oup.com/bioscience/article-lookup/doi/10.2307/1310786},
	langid = {en}
}

@article{moll2022,
	title = {A Review of Methods to Estimate and Monitor Moose Density and Abundance},
	author = {Moll, Remington J. and Poisson, Mairi K. P. and Heit, David R. and Jones, Henry and Pekins, Peter J. and Kantar, Lee},
	year = {2022},
	date = {2022},
	journal = {Alces: A Journal Devoted to the Biology and Management of Moose},
	pages = {31--49},
	volume = {58},
	url = {https://alcesjournal.org/index.php/alces/article/view/1881},
	langid = {en}
}

@article{brinkman2023,
	title = {Changing Snow Conditions are Hindering Wildlife Monitoring and Management},
	author = {Brinkman, Todd Jared and Seaton, Kalin and Reinking, Adele and Liston, Glen E. and Prugh, Laura and Cunningham, Callum and Boelman, Natalie},
	year = {2023},
	month = {12},
	date = {2023-12-01},
	pages = {B32C--01},
	volume = {2023},
	url = {https://ui.adsabs.harvard.edu/abs/2023AGUFM.B32C..01B},
	note = {Conference Name: AGU Fall Meeting Abstracts
ADS Bibcode: 2023AGUFM.B32C..01B}
}

@inbook{bishop1988,
	title = {The Moose in Alaska},
	author = {Bishop, Richard H.},
	year = {1988},
	date = {1988},
	publisher = {Elsevier},
	pages = {494--512},
	url = {https://linkinghub.elsevier.com/retrieve/pii/B978012041001950025X},
	note = {DOI: 10.1016/B978-0-12-041001-9.50025-X},
	langid = {en}
}
