@article{example2,
  title = {Wildland fire reburning trends across the US West suggest only short-term negative feedback and differing climatic effects},
  author={Bighetti, Nelson and Ford, Robert},
  journal = {Environmental Research Letters},
  year    = 2020,
  volume  = 1,
  number  = 1
}
