
@article{kasischke2002,
	title = {Analysis of the patterns of large fires in the boreal forest region of Alaska},
	author = {Kasischke, Eric S. and Williams, David and Barry, Donald},
	year = {2002},
	date = {2002},
	journal = {International Journal of Wildland Fire},
	pages = {131--144},
	volume = {11},
	number = {2},
	doi = {10.1071/wf02023},
	url = {https://www.publish.csiro.au/wf/wf02023},
	note = {Publisher: CSIRO PUBLISHING},
	langid = {en}
}

@article{chen2021,
	title = {Missing Burns in the High Northern Latitudes: The Case for Regionally Focused Burned Area Products},
	author = {Chen, Dong and Shevade, Varada and Baer, Allison and Loboda, Tatiana V.},
	year = {2021},
	month = {01},
	date = {2021-01},
	journal = {Remote Sensing},
	pages = {4145},
	volume = {13},
	number = {20},
	doi = {10.3390/rs13204145},
	url = {https://www.mdpi.com/2072-4292/13/20/4145},
	note = {Number: 20
Publisher: Multidisciplinary Digital Publishing Institute},
	langid = {en}
}

@article{buma2022,
	title = {Short-interval fires increasing in the Alaskan boreal forest as fire self-regulation decays across forest types},
	author = {Buma, B. and Hayes, K. and Weiss, S. and Lucash, M.},
	year = {2022},
	month = {12},
	date = {2022-12},
	journal = {Scientific Reports},
	pages = {4901},
	volume = {12},
	number = {1},
	doi = {10.1038/s41598-022-08912-8},
	url = {https://www.nature.com/articles/s41598-022-08912-8},
	langid = {en}
}

@article{hemispheR,
	title = {hemispheR: an R package for fisheye canopy image analysis},
	author = {Chianucci, Francesco and Macek, Martin},
	year = {2023},
	date = {2023},
	url = {https://doi.org/10.1016/j.agrformet.2023.109470}
}
