
@article{httr,
	title = {httr: Tools for Working with URLs and HTTP},
	author = {Wickham, Hadley},
	year = {2023},
	date = {2023},
	url = {https://CRAN.R-project.org/package=httr}
}
