
@article{wilson2014,
	title = {Best Practices for Scientific Computing},
	author = {Wilson, Greg and Aruliah, D. A. and Brown, C. Titus and Chue Hong, Neil P. and Davis, Matt and Guy, Richard T. and Haddock, Steven H. D. and Huff, Kathryn D. and Mitchell, Ian M. and Plumbley, Mark D. and Waugh, Ben and White, Ethan P. and Wilson, Paul},
	editor = {Eisen, Jonathan A.},
	year = {2014},
	month = {01},
	date = {2014-01-07},
	journal = {PLoS Biology},
	pages = {e1001745},
	volume = {12},
	number = {1},
	doi = {10.1371/journal.pbio.1001745},
	url = {https://dx.plos.org/10.1371/journal.pbio.1001745},
	langid = {en}
}
