
@article{renecker1985,
	title = {Estimation of Dry Matter Intake of Free-Ranging Moose},
	author = {Renecker, Lyle A. and Hudson, Robert J.},
	year = {1985},
	date = {1985},
	journal = {The Journal of Wildlife Management},
	pages = {785--792},
	volume = {49},
	number = {3},
	doi = {10.2307/3801712},
	url = {https://www.jstor.org/stable/3801712},
	note = {Publisher: [Wiley, Wildlife Society]}
}

@article{mcart2009,
	title = {Summer dietary nitrogen availability as a potential bottom-up constraint on moose in south-central Alaska},
	author = {McArt, Scott H. and Spalinger, Donald E. and Collins, William B. and Schoen, Erik R. and Stevenson, Timothy and Bucho, Michele},
	year = {2009},
	date = {2009},
	journal = {Ecology},
	pages = {1400--1411},
	volume = {90},
	number = {5},
	doi = {10.1890/08-1435.1},
	url = {https://onlinelibrary.wiley.com/doi/abs/10.1890/08-1435.1},
	note = {{\_}eprint: https://onlinelibrary.wiley.com/doi/pdf/10.1890/08-1435.1},
	langid = {en}
}
